
@misc{hitbox_detection,
	key = {Hitbox Detection},
	title = {A {Minimal} {Ray}-{Tracer}: {Rendering} {Simple} {Shapes} ({Sphere}, {Cube}, {Disk}, {Plane}, etc.) ({Ray}-{Box} {Intersection})},
	url = {https://www.scratchapixel.com/lessons/3d-basic-rendering/minimal-ray-tracer-rendering-simple-shapes/ray-box-intersection},
	urldate = {2021-11-23},
	file = {A Minimal Ray-Tracer\: Rendering Simple Shapes (Sphere, Cube, Disk, Plane, etc.) (Ray-Box Intersection):/home/david/Zotero/storage/4AMPV5ME/ray-box-intersection.html:text/html},
}

@misc{xamarin,
	key = {Xamarin},
	title = {Xamarin {\textbar} {Open}-source mobile app platform for .{NET}},
	url = {https://dotnet.microsoft.com/apps/xamarin},
	abstract = {Xamarin is a free and open source mobile app platform for building native and high-performance iOS, Android, tvOS, watchOS, macOS, and Windows apps in C\# with .NET.},
	language = {en},
	urldate = {2021-11-23},
	journal = {Microsoft},
	file = {Snapshot:/home/david/Zotero/storage/PVY2JIFD/xamarin.html:text/html},
}

@misc{webvr,
	key = {WebVR},
	title = {{WebVR} - {Bringing} {Virtual} {Reality} to the {Web}},
	url = {https://webvr.info/},
	urldate = {2021-11-23},
	file = {WebVR - Bringing Virtual Reality to the Web:/home/david/Zotero/storage/3X7IE6UK/webvr.info.html:text/html},
}

@misc{webxr,
	key = {WebXR},
	title = {{WebXR} {Device} {API}},
	url = {https://www.w3.org/TR/webxr/},
	urldate = {2021-11-23},
	file = {WebXR Device API:/home/david/Zotero/storage/4CHAUIU3/webxr.html:text/html},
}

@misc{openxr_2016,
	key = {OpenXR},
	title = {{OpenXR} - {High}-performance access to {AR} and {VR} —collectively known as {XR}— platforms and devices},
	url = {https://www.khronos.org/openxr/},
	abstract = {--},
	language = {en},
	urldate = {2021-11-23},
	journal = {The Khronos Group},
	month = dec,
	year = {2016},
	note = {Section: API},
}

@misc{ar_core,
	key = {ARCore Home},
	title = {Build new augmented reality experiences that seamlessly blend the digital and physical worlds},
	url = {https://developers.google.com/ar},
	abstract = {With ARCore, build new augmented reality experiences that seamlessly blend the digital and physical worlds. Transform the way people play, shop, learn, create, and experience the world together—at Google scale.},
	language = {en},
	urldate = {2021-11-23},
	journal = {Google Developers},
	file = {Snapshot:/home/david/Zotero/storage/VRQPMDRN/ar.html:text/html},
}

@misc{ar_core_sdk,
	key = {ARCore SDK},
	title = {Releases · google-ar/arcore-android-sdk},
	url = {https://github.com/google-ar/arcore-android-sdk/releases},
	abstract = {ARCore SDK for Android Studio. Contribute to google-ar/arcore-android-sdk development by creating an account on GitHub.},
	language = {en},
	urldate = {2021-11-23},
	journal = {GitHub},
	file = {Snapshot:/home/david/Zotero/storage/SZ3HCJNC/hello_ar_c.html:text/html},
	mynote={See samples/hello_ar_c/}
}

@misc{openCV,
	key = {OpenCV},
	title = {Home ({OpenCV})},
	url = {https://opencv.org/},
	abstract = {OpenCV provides a real-time optimized Computer Vision library, tools, and hardware. It also supports model execution for Machine Learning (ML) and Artificial Intelligence (AI).},
	language = {en-US},
	urldate = {2021-11-23},
	journal = {OpenCV},
	file = {Snapshot:/home/david/Zotero/storage/YGEJ4SXZ/opencv.org.html:text/html},
}

@misc{android_ndk,
	key = {Android NDK},
	title = {Android {NDK}},
	url = {https://developer.android.com/ndk?hl=de},
	abstract = {{\textless}!-- hide description --{\textgreater}},
	language = {en},
	urldate = {2021-11-23},
	journal = {Android Developers},
	file = {Snapshot:/home/david/Zotero/storage/K77IJV6Y/ndk.html:text/html},
}

@misc{webassembly,
	key = {WebAssembly},
	title = {{WebAssembly}},
	url = {https://webassembly.org/},
	urldate = {2021-11-23},
	file = {WebAssembly:/home/david/Zotero/storage/BRN64HYU/webassembly.org.html:text/html},
}

@misc{android_native_activity,
	key = {Android Native Activity},
	title = {{NativeActivity}},
	url = {https://developer.android.com/reference/android/app/NativeActivity?hl=de},
	language = {en},
	urldate = {2021-11-23},
	journal = {Android Developers},
	file = {Snapshot:/home/david/Zotero/storage/Y4MC996S/NativeActivity.html:text/html},
}

@misc{android_ndk_samples_2021,
	key = {Android NDK Samples},
	title = {{NDK} {Samples}},
	copyright = {Apache-2.0},
	url = {https://github.com/android/ndk-samples},
	abstract = {Android NDK samples with Android Studio},
	urldate = {2021-11-23},
	publisher = {Android},
	month = nov,
	year = {2021},
	note = {original-date: 2015-05-16T10:02:15Z},
}

@misc{android_emulator_gles3_issue,
	key = {Android Emulator GLES3 Issue},
	title = {{GLES3} content gles3jni from ndk examples fails with 'java.lang.{RuntimeException}: {createContext} failed: {EGL}\_BAD\_CONFIG' [68496715] - {Visible} to {Public} - {Issue} {Tracker}},
	url = {https://issuetracker.google.com/issues/68496715},
	urldate = {2021-11-23},
	file = {GLES3 content gles3jni from ndk examples fails with 'java.lang.RuntimeException\: createContext failed\: EGL_BAD_CONFIG' [68496715] - Visible to Public - Issue Tracker:/home/david/Zotero/storage/PLSWTISH/68496715.html:text/html},
}

@misc{ar_anchor_c,
	key = {ARAnchor C},
	title = {{ArAnchor} {\textbar} {ARCore} {\textbar} {Google} {Developers} ({NDK}/{C}-{API})},
	url = {https://developers.google.com/ar/reference/c/group/ar-anchor},
	language = {en},
	urldate = {2021-11-23},
	file = {Snapshot:/home/david/Zotero/storage/TXVCUBFF/ar-anchor.html:text/html},
}

@misc{ar_core_supported_devices,
	key = {ARCore supported devices},
	title = {{ARCore} supported devices},
	url = {https://developers.google.com/ar/devices},
	language = {en},
	urldate = {2021-11-23},
	journal = {Google Developers},
	file = {Snapshot:/home/david/Zotero/storage/3X9BEJP8/devices.html:text/html},
}

@misc{ar_anchor_java,
	key = {ARAnchor Java},
	title = {Anchor {\textbar} {ARCore} {\textbar} {Google} {Developers} ({Java} {API})},
	url = {https://developers.google.com/ar/reference/java/com/google/ar/core/Anchor},
	language = {en},
	urldate = {2021-11-23},
}
